% ========== AMAZON DEEPRACER ==========
@inproceedings{balaji2020deepracer,
  title={Deepracer: Autonomous racing platform for experimentation with sim2real reinforcement learning},
  author={Balaji, Bharathan and Mallya, Sunil and Genc, Sahika and Gupta, Saurabh and Dirac, Leo and Khare, Vineet and Roy, Gourav and Sun, Tao and Tao, Yunzhe and Townsend, Brian and others},
  booktitle={2020 IEEE international conference on robotics and automation (ICRA)},
  pages={2746--2754},
  year={2020},
  organization={IEEE}
}
@misc{DeepracerMain,
  author = {AWS},
  title = {AWS Deepracer},
  year = 2023,
  url = {https://aws.amazon.com/deepracer/},
}
@misc{DeepracerAnnounced,
  author = {Amazon},
  title = {AWS Announces the DeepRacer League},
  year = 2018,
  howpublished = "\url{https://press.aboutamazon.com/2018/11/aws-announces-the-deepracer-league-drl}",
  note={Last accessed: 2023-03-22}
}
@misc{DeepracerFollowTheLeader,
  author = {{AWS DeepRacer team}},
  title = {AWS DeepRacer Follow the Leader (FTL) sample project},
  year = 2022,
  howpublished = "\url{https://github.com/aws-deepracer/aws-deepracer-follow-the-leader-sample-project/}",
  note={Last accessed: 2023-03-22}
}
@misc{DeepracerOffRoad,
  author = {{AWS DeepRacer team}},
  title = {AWS DeepRacer Offroad launcher package},
  year = 2022,
  howpublished = "\url{https://github.com/aws-deepracer/aws-deepracer-offroad-sample-project/}",
  note={Last accessed: 2023-03-22}
}


% ========== FORMULA PI ==========
@misc{FormulaPiMain,
  author = {{Formula Pi}},
  title = {Formula Pi},
  year = 2023,
  url = {https://www.formulapi.com/}
}
@misc{PiBorg,
  author = {PiBorg},
  title = {PiBorg},
  year = 2023,
  url = {https://www.piborg.org/}
}


% ========== Communication Technology ==========
@misc{webbluetooth,
  author = {Mozilla},
  title = {Web Bluetooth API - Web APIs},
  year = 2023,
  howpublished = "\url{https://developer.mozilla.org/en-US/docs/Web/API/Web_Bluetooth_API}",
  note={Last accessed: 2023-03-25}
}

@article{pena2020uart,
  title={Uart: A hardware communication protocol understanding universal asynchronous receiver/transmitter},
  author={Pe{\~n}a, Eric and Legaspi, Mary Grace},
  journal={Visit Analog},
  volume={54},
  number={4},
  year={2020},
  howpublished= "\url{https://www.analog.com/en/analog-dialogue/articles/uart-a-hardware-communication-protocol.html}",
  note={Last accessed: 2023-03-25}
}

@misc{uartjs,
  author = {Espruino},
  title = {UART.js Library},
  year = 2017,
  howpublished = "\url{http://www.espruino.com/UART.js}",
  note={Last accessed: 2023-03-25}
}


% ========== SMARTPHONES IN ROBOTICS ==========
@misc{comma,
  author = {Comma},
  title = {comma.ai - make driving chill},
  year = 2022,
  howpublished = "\url{https://comma.ai/}",
  note={Last accessed: 2023-03-20}
}

@misc{osmarketshare,
  author = {GlobalStats},
  title = {Mobile Operating System Market Share Worldwide},
  year = 2023,
  howpublished = "\url{https://gs.statcounter.com/os-market-share/mobile/worldwide}",
  note={Last accessed: 2023-03-21}
}

@article{oros2013smartphone,
  title={Smartphone Based Robotics: Powerful, Flexible and Inexpensive Robots for Hobbyists, Educators, Students and Researchers},
  author={Oros, Nicolas and Krichmar, Jeffrey L},
  year={2013}
}

@INPROCEEDINGS{7754547,
  author={Bokade, Ashish U. and Ratnaparkhe, V. R.},
  booktitle={2016 International Conference on Communication and Signal Processing (ICCSP)}, 
  title={Video surveillance robot control using smartphone and Raspberry pi}, 
  year={2016},
  volume={},
  number={},
  pages={2094-2097},
  doi={10.1109/ICCSP.2016.7754547}
}

@inproceedings{hassan2012review,
  title={A review of wireless technology usage for mobile robot controller},
  author={Hassan, Mohammad Ashri Abu},
  booktitle={Proceeding of the International Conference on System Engineering and Modeling (ICSEM 2012)},
  pages={7--12},
  year={2012}
}

@inproceedings{fai2002bluetooth,
  title={Bluetooth enabled mobile robot},
  author={Fai, Yeong Che and Amin, Shamsudin HM and bt Fisal, Norsheila and Bakar, J Abu},
  booktitle={2002 IEEE International Conference on Industrial Technology, 2002. IEEE ICIT'02.},
  volume={2},
  pages={903--908},
  year={2002},
  organization={IEEE}
}

@inproceedings{muller2021openbot,
  title={Openbot: Turning smartphones into robots},
  author={M{\"u}ller, Matthias and Koltun, Vladlen},
  booktitle={2021 IEEE International Conference on Robotics and Automation (ICRA)},
  pages={9305--9311},
  year={2021},
  organization={IEEE}
}

@misc{tensorflowlite,
  author = {TensorFlow},
  title = {TensorFlow Lite},
  year = 2023,
  howpublished = "\url{https://www.tensorflow.org/lite}",
  note={Last accessed: 2023-03-28}
}

@article{nasereddin2010smartphone,
  title={Smartphone control robots through Bluetooth},
  author={Nasereddin, Hebah HO and Abdelkarim, Amjad Abdullah},
  journal={International Journal of Research and Reviews in Applied Sciences},
  volume={4},
  number={4},
  pages={399--404},
  year={2010},
  publisher={Academic Research Publishing Agency, Suite 2 Islamabad Pakistan}
}

@misc{webbluetoothespruino,
  author={Espruino},
  year={2017},
  title = {Using Web Bluetooth with Espruino},
  howpublished = "\url{https://www.espruino.com/Web\%20Bluetooth}",
  note={Last accessed: 2023-03-21}
}

@misc{bluetoothquickstartespruino,
  author={Espruino},
  year={2017},
  title = {Quick Start (Bluetooth LE) - Espruino},
  howpublished = "\url{http://www.espruino.com/Quick+Start+BLE}",
  note={Last accessed: 2023-03-21}
}

@misc{bluetoothlimitations,
  author={McClain, S.},
  organization={Techwalla},
  year={2017},
  title = {What Are the Limitations of Bluetooth?},
  howpublished = "\url{https://www.techwalla.com/articles/what-are-the-limitations-of-bluetooth}",
  note={Last accessed: 2023-03-21}
}


% ========== SELF-DRIVING TECHNIQUES ==========
@inproceedings{zaman2016novel,
  title={A novel design of line following robot with multifarious function ability},
  author={Zaman, Hasan U and Bhuiyan, Md Majidul Haque and Ahmed, Montashir and Aziz, SM Tarek},
  booktitle={2016 International Conference on Microelectronics, Computing and Communications (MicroCom)},
  pages={1--5},
  year={2016},
  organization={IEEE}
}

@misc{zumolinefollower,
  author = {Pololu},
  title = {zumo-shield/LineFollower.ino},
  year = 2013,
  howpublished = "\url{https://github.com/pololu/zumo-shield/blob/master/ZumoExamples/examples/LineFollower/LineFollower.ino}",
  note={Last accessed: 2023-03-26}
}

@inproceedings{imageprocessing,
author = {Masri, Ibrahim and Erdal, Erdal},
year = {2019},
month = {06},
pages = {},
title = {REVIEW PAPER ON REAL TIME IMAGE PROCESSING: METHODS, TECHNIQUES, APPLICATIONS}
}

@INPROCEEDINGS{9170659,
  author={Johari, Ayoush and Swami, Preety D.},
  booktitle={2nd International Conference on Data, Engineering and Applications (IDEA)}, 
  title={Comparison of Autonomy and Study of Deep Learning Tools for Object Detection in Autonomous Self Driving Vehicles}, 
  year={2020},
  volume={},
  number={},
  pages={1-6},
  doi={10.1109/IDEA49133.2020.9170659}}

@INPROCEEDINGS{7347786,
  author={Brand√£o, Alexandre S. and Martins, Felipe N. and Soneguetti, Higor B.},
  booktitle={2015 12th International Conference on Informatics in Control, Automation and Robotics (ICINCO)}, 
  title={A vision-based line following strategy for an autonomous UAV}, 
  year={2015},
  volume={02},
  number={},
  pages={314-319},
  doi={}
}

@article{ceron2018onboard,
  title={Onboard visual-based navigation system for power line following with UAV},
  author={Cer{\'o}n, Alexander and Mondrag{\'o}n, Iv{\'a}n and Prieto, Flavio},
  journal={International Journal of Advanced Robotic Systems},
  volume={15},
  number={2},
  pages={},
  year={2018},
  publisher={SAGE Publications Sage UK: London, England}
}

% ========== MISC ==========
@misc{MOSCOW,
  author={{Agile Business Consortium}},
  title = {MOSCOW Prioritisation},
  howpublished = "\url{https://www.agilebusiness.org/dsdm-project-framework/moscow-prioririsation.html}",
  note={Last accessed: 2023-03-30}
}

@article{kart2001pulse,
  title={Pulse width modulation},
  author={Kart, Diagram Source Brain},
  year={2001}
}

@misc{zumopinassignment,
  author = {Pololu},
  title = {Pololu - 5. Arduino pin assignment table},
  year = 2023,
  howpublished = "\url{https://www.pololu.com/docs/0J57/5}",
  note={Last accessed: 2023-03-26}
}

@misc{phonespec,
  author = {GSMarena},
  title = {Samsung Galaxy A50 - Full Phone Specifications},
  year = 2023,
  howpublished = "\url{https://www.gsmarena.com/samsung_galaxy_a50-9554.php}",
  note={Last accessed: 2023-03-24}
}

@article{hoober2017design,
  title={Design for Fingers, Touch, and People, Part 1},
  author={Hoober, Steven},
  journal={UX matters},
  year={2017}
}

@misc{mediadevices,
  author = {Mozilla},
  title = {MediaDevices - Web APIs},
  year = 2023,
  howpublished = "\url{https://developer.mozilla.org/en-US/docs/Web/API/MediaDevices}",
  note={Last accessed: 2023-03-21}
}

@INPROCEEDINGS{6166275,
  author={Aram, S. and Troiano, A. and Pasero, E.},
  booktitle={2012 IEEE Sensors Applications Symposium Proceedings}, 
  title={Environment sensing using smartphone}, 
  year={2012},
  volume={},
  number={},
  pages={1-4},
  doi={10.1109/SAS.2012.6166275}
}

@misc{exchangerates,
  author = {{Exchange Rates UK}},
  title = {Dollar to Pound Exchange Rate Today},
  year = 2023,
  howpublished = "\url{https://www.exchangerates.org.uk/Dollars-to-Pounds-currency-conversion-page.html}",
  note={Last accessed: 2023-03-26}
}

@article{burger2015fast,
  title={How fast is realtime? human perception and technology},
  author={Burger, Thomas},
  journal={PubNub, February},
  year={2015}
}

@misc{aruco,
  author = {OpenCV},
  title = {Detection of ArUco Markers},
  year = 2023,
  howpublished = "\url{https://docs.opencv.org/4.x/d5/dae/tutorial_aruco_detection.html}",
  note={Last accessed: 2023-03-31}
}